@article{turing1936computable,
  title={On computable numbers, with an application to the Entscheidungs problem},
  author={Turing, A},
  journal={Proceedings of the London Mathematical Society Series/2 (42)},
  pages={230--42},
  year={1936}
}

@article{kim2019crispr,
  title={CRISPR DNA elements controlling site-specific spacer integration and proper repeat length by a Type II CRISPR--Cas system},
  author={Kim, Jenny G and Garrett, Sandra and Wei, Yunzhou and Graveley, Brenton R and Terns, Michael P},
  journal={Nucleic Acids Research},
  volume={47},
  number={16},
  pages={8632--8648},
  year={2019},
  publisher={Oxford University Press}
}

@article{batchelor2023,
  title={Dynamic regulation of the p53 pathway in single cells},
  author={Batchelor, Eric and others},
  journal={Nature Reviews Molecular Cell Biology},
  year={2023}
}

@article{brown2020language,
  title={Language Models are Few-Shot Learners},
  author={Brown, Tom B and Mann, Benjamin and Ryder, Nick and Subbiah, Melanie and Kaplan, Jared and Dhariwal, Prafulla and Neelakantan, Arvind and others},
  journal={arXiv preprint arXiv:2005.14165},
  year={2020}
}

@article{chowdhery2022palm,
  title={PaLM: Scaling Language Modeling with Pathways},
  author={Chowdhery, Aakanksha and Narang, Sharan and Devlin, Jacob and others},
  journal={arXiv preprint arXiv:2204.02311},
  year={2022}
}

@article{kadavath2022language,
  title={Language Models (Mostly) Know What They Know},
  author={Kadavath, Saurav and others},
  journal={arXiv preprint arXiv:2207.05221},
  year={2022}
}

@article{wei2022emergent,
  title={Emergent Abilities of Large Language Models},
  author={Wei, Jason and Tay, Yi and Bommasani, Rishi and Raffel, Colin and Zoph, Barret and others},
  journal={Transactions on Machine Learning Research},
  year={2022}
}

@article{sipser1996introduction,
  title={Introduction to the Theory of Computation},
  author={Sipser, Michael},
  journal={ACM Sigact News},
  volume={27},
  number={1},
  pages={27--29},
  year={1996},
  publisher={ACM New York, NY, USA}
}
@article{merrill2023parallelism,
  title={The Parallelism Tradeoff: Limitations of Log-Precision Transformers},
  author={Merrill, William and Sabharwal, Ashish},
  journal={Transactions of the Association for Computational Linguistics},
  volume={11},
  pages={531--545},
  year={2023},
  doi={10.1162/tacl_a_00562}
}

@article{peng2024limitations,
  title={On Limitations of the Transformer Architecture},
  author={Peng, Binghui and Narayanan, Srini and Papadimitriou, Christos},
  journal={COLM},
  year={2024}
}

@article{cai2024efficient,
  title={Efficient computation by molecular competition networks},
  author={Cai, Haoxiao and Zhang, Xiaoran and Qiao, Rong and Wang, Xiaowo and Wei, Lei},
  journal={Physical Review Research},
  volume={6},
  pages={033208},
  year={2024}
}

@article{wang2023parallel,
  title={Parallel molecular computation on digital data stored in DNA},
  author={Wang, Boya and Wang, Siyuan Stella and Chalk, Cameron and Ellington, Andrew D and Soloveichik, David},
  journal={PNAS},
  volume={120},
  number={37},
  year={2023},
  doi={10.1073/pnas.2217330120}
}

@inproceedings{wei2022chain,
  title={Chain-of-Thought Prompting Elicits Reasoning in Large Language Models},
  author={Wei, Jason and Wang, Xuezhi and Schuurmans, Dale and Bosma, Maarten and Ichter, Brian and Xia, Fei and Chi, Ed and Le, Quoc and Zhou, Denny},
  booktitle={NeurIPS},
  year={2022}
}

@article{dickson2024trust,
  title={How far can you trust chain-of-thought prompting?},
  author={Dickson, Ben},
  journal={BD Tech Talks},
  year={2024}
}

@article{swamy1983space,
  title={Space-time tradeoffs for linear recursion},
  author={Swamy, Sowmitri and Savage, John E},
  journal={Mathematical Systems Theory},
  volume={16},
  pages={9--27},
  year={1983},
  doi={10.1007/BF01744566}
}

@article{bisaz2024memory,
  title={Memory Checking Requires Logarithmic Overhead},
  author={Bisaz, Reto and Travaglia, Alessio and Alberini, Cristina M},
  journal={To appear in STOC '24},
  year={2024},
  doi={10.1145/3618260.3649686}
}

@article{barrett2019analyzing,
  title={Analyzing biological and artificial neural networks: challenges with opportunities for synergy?},
  author={Barrett, David GT and Morcos, Ari S and Macke, Jakob H},
  journal={Current Opinion in Neurobiology},
  volume={55},
  pages={55--64},
  year={2019},
  doi={10.1016/j.conb.2019.01.007}
}

@article{ganguli2018intertwined,
  title={The intertwined quest for understanding biological intelligence and creating artificial intelligence},
  author={Ganguli, Surya},
  journal={Stanford HAI Blog},
  year={2018}
}

@article{fu2023scgrn,
  title={scGRN: a comprehensive single-cell gene regulatory network platform},
  author={Fu, Shuhua and Wang, Anqi and Au, Kin Fai},
  journal={Nucleic Acids Research},
  volume={52},
  number={D1},
  pages={D293--D303},
  year={2023},
  doi={10.1093/nar/gkad885}
}

@article{yang2013survey,
  title={A survey of error-correction methods for next-generation sequencing},
  author={Yang, Xiao and Chockalingam, Srinivas P and Aluru, Srinivas},
  journal={Briefings in Bioinformatics},
  volume={14},
  number={1},
  pages={56--66},
  year={2013},
  doi={10.1093/bib/bbs015}
}

@article{manuri2019state,
  title={A State Validation System for Augmented Reality Based Maintenance Procedures},
  author={Manuri, Federico and Pizzigalli, Alessandro and Sanna, Andrea},
  journal={Applied Sciences},
  volume={9},
  number={10},
  pages={2115},
  year={2019},
  doi={10.3390/app9102115}
}

@article{pastor2020computation,
  title={How Computation Is Helping Unravel the Dynamics of Morphogenesis},
  author={Pastor-Escuredo, David and del {\'A}lamo, Juan C},
  journal={Frontiers in Physics},
  volume={8},
  pages={31},
  year={2020},
  doi={10.3389/fphy.2020.00031}
}

@article{hoel2020emergence,
  title={Emergence of informative higher scales in biological systems},
  author={Hoel, Erik and Levin, Michael},
  journal={Communicative \& Integrative Biology},
  volume={13},
  number={1},
  pages={108--118},
  year={2020},
  doi={10.1080/19420889.2020.1802914}
}

@article{ahn2024recursive,
  title={Recursive Chain-of-Feedback Prevents Performance Degradation from Redundant Prompting},
  author={Ahn, Jinwoo and Shin, Kyuseung},
  journal={arXiv:2402.02648},
  year={2024}
}

@article{lmsys2024arena,
    title={LMSYS Chatbot Arena: Live and Community-Driven LLM Evaluation},
    author={{LMSYS Arena Team}},
    year={2024},
    month={mar},
    journal={LMSYS Blog},
    url={https://lmsys.org/blog/2024-03-01-policy/}
}

@article{gu2021efficiently,
  title={Efficiently modeling long sequences with structured state spaces},
  author={Gu, Albert and Goel, Karan and R{\'e}, Christopher},
  journal={arXiv preprint arXiv:2111.00396},
  year={2021}
}

@article{gu2023mamba,
  title={Mamba: Linear-time sequence modeling with selective state spaces},
  author={Gu, Albert and Dao, Tri},
  journal={arXiv preprint arXiv:2312.00752},
  year={2023}
}

@article{dao2024transformers,
  title={Transformers are SSMs: Generalized models and efficient algorithms through structured state space duality},
  author={Dao, Tri and Gu, Albert},
  journal={arXiv preprint arXiv:2405.21060},
  year={2024}
}

@article{nguyen2024hyenadna,
  title={Hyenadna: Long-range genomic sequence modeling at single nucleotide resolution},
  author={Nguyen, Eric and Poli, Michael and Faizi, Marjan and Thomas, Armin and Wornow, Michael and Birch-Sykes, Callum and Massaroli, Stefano and Patel, Aman and Rabideau, Clayton and Bengio, Yoshua and others},
  journal={Advances in neural information processing systems},
  volume={36},
  year={2024}
}

@article{marcus2024evidence,
    title={Evidence that LLMs are reaching a point of diminishing returns},
    author={Marcus, Gary},
    year={2024},
    journal={The Road to AI We Can Trust},
    publisher={Substack},
    url={https://garymarcus.substack.com/p/evidence-that-llms-are-reaching-a}
}

@article{zuo2024plateau,
    title={LLMs Have Plateaued For 3 Reasons},
    author={Zuo, Andrew},
    year={2024},
    journal={Medium},
    url={https://andrewzuo.com/llms-have-plateaued-for-3-reasons-eb66cbfddd31}
}

@article{burrill2010making,
  title={Making cellular memories},
  author={Burrill, Devin R and Silver, Pamela A},
  journal={Cell},
  volume={140},
  number={1},
  pages={13--18},
  year={2010},
  doi={10.1016/j.cell.2009.12.034}
}



@article{lovkvist2021using,
  title={Using synthetic biology to understand biological pattern formation},
  author={L{\"o}vkvist, Cecilia and Sneppen, Kim},
  journal={Current Opinion in Systems Biology},
  volume={28},
  pages={100385},
  year={2021},
  doi={10.1016/j.coisb.2021.100385}
}

@article{turing1952chemical,
  title={The Chemical Basis of Morphogenesis},
  author={Turing, A. M.},
  journal={Philosophical Transactions of the Royal Society of London. Series B, Biological Sciences},
  volume={237},
  number={641},
  pages={37--72},
  year={1952},
  publisher={The Royal Society}
}

@article{lobo2012towards,
  title={Towards a bioinformatics of patterning: a computational approach to understanding regulative morphogenesis},
  author={Lobo, Daniel and Malone, Taylor J and Levin, Michael},
  journal={Biology Open},
  volume={2},
  number={2},
  pages={156--169},
  year={2012},
  doi={10.1242/bio.20123400}
}

@article{martini2015information,
  title={Information Maintenance in Working Memory: An Integrated Presentation of Cognitive and Neural Concepts},
  author={Martini, Markus and Furtner, Marco R and Maran, Thomas and Sachse, Pierre},
  journal={Frontiers in Systems Neuroscience},
  volume={9},
  pages={104},
  year={2015},
  doi={10.3389/fnsys.2015.00104}
}

@article{quentin2019differential,
  title={Differential Brain Mechanisms of Selection and Maintenance of Information during Working Memory},
  author={Quentin, Romain and others},
  journal={Journal of Neuroscience},
  volume={39},
  number={19},
  pages={3728--3740},
  year={2019},
  doi={10.1523/JNEUROSCI.2764-18.2019}
}

@article{milo2013protein,
  title={What is the total number of protein molecules per cell volume? A call to rethink some published values},
  author={Milo, Ron},
  journal={BioEssays},
  volume={35},
  number={12},
  pages={1050--1055},
  year={2013},
  doi={10.1002/bies.201300066}
}

@article{zhang2023molecular,
  title={Molecular tumbling rate effects on T1 and T2},
  author={Zhang, Roland and Drew, Zach and Jones, Jeremy},
  journal={Radiopaedia.org},
  year={2023},
  doi={10.53347/rID-60742},
  url={https://radiopaedia.org/articles/60742}
}

@article{bruno2022epigenetic,
  title={Epigenetic cell memory: The gene's inner chromatin modification circuit},
  author={Bruno, Simone and Williams, Ruth J and Del Vecchio, Domitilla},
  journal={PLoS Computational Biology},
  volume={18},
  number={4},
  year={2022},
  doi={10.1371/journal.pcbi.1009961}
}

@article{cook2004universality,
  title={Universality in Elementary Cellular Automata},
  author={Cook, Matthew},
  journal={Complex Systems},
  volume={15},
  number={1},
  pages={1--40},
  year={2004}
}

@article{deutsch1995universality,
  title={Universality in Quantum Computation},
  author={Deutsch, David and Barenco, Adriano and Ekert, Artur},
  journal={arXiv:quant-ph/9505018},
  year={1995}
}

@article{parzych2024memory,
  title={Memory Lower Bounds and Impossibility Results for Anonymous Dynamic Broadcast},
  author={Parzych, Garrett and Daymude, Joshua J},
  journal={arXiv:2407.09714},
  year={2024}
}

@article{hhan2024new,
  title={A New Approach to Generic Lower Bounds: Classical/Quantum MDL, Quantum Factoring, and More},
  author={Hhan, Minki},
  journal={arXiv:2024.268},
  year={2024}
}

@article{savage1994space,
  title={Space-Time Tradeoffs},
  author={Savage, John E},
  journal={Models of Computation},
  chapter={10},
  year={1994}
}

@article{vonkorff2019molecular,
  title={Molecular Complexity Calculated by Fractal Dimension},
  author={von Korff, Modest and Sander, Thomas},
  journal={Scientific Reports},
  volume={9},
  pages={1746},
  year={2019},
  doi={10.1038/s41598-018-37253-8}
}

@article{liskiewicz1994complexity,
  title={On the Complexity of Space Bounded Computations},
  author={Liskiewicz, Maciej and Reischuk, R{\"u}diger},
  journal={Theoretical Computer Science},
  volume={147},
  pages={1--45},
  year={1994}
}

@article{hu2014computational,
  title={Computational Tradeoffs in Biological Neural Networks},
  author={Hu, Tao and Genkin, Alexander and Chklovskii, Dmitri B},
  journal={Neural Computation},
  volume={24},
  pages={1--35},
  year={2014}
}

@article{bennett1989time,
  title={Time/Space Trade-offs for Reversible Computation},
  author={Bennett, Charles H},
  journal={SIAM Journal on Computing},
  volume={18},
  number={4},
  pages={766--776},
  year={1989}
}

@inproceedings{boyle2024memory,
  title={Memory Checking Requires Logarithmic Overhead},
  author={Boyle, Elette and Komargodski, Ilan and Vafa, Neekon},
  booktitle={STOC '24},
  year={2024},
  doi={10.1145/3618260.3649686}
}
@article{shallue2019measuring,
  title={Measuring the Effects of Data Parallelism in Neural Network Training},
  author={Shallue, Chris and Lee, Jaehoon and Antognini, Joe and Sohl-Dickstein, Jascha and Frostig, Roy and Dahl, George},
  journal={Google Research Blog},
  year={2019}
}

@article{feng2024rnns,
  title={Were RNNs All We Needed?},
  author={Feng, Leo and Tung, Frederick and Ahmed, Mohamed Osama and Bengio, Yoshua and Hajimirsadeghi, Hossein},
  journal={arXiv preprint arXiv:2410.01201},
  year={2024}
}

@article{zhao2024epha,
  title={EPHA: An Energy-efficient Parallel Hybrid Architecture for ANNs and SNNs},
  author={Zhao, Yunping and Ma, Sheng and Liu, Hengzhu and Huang, Libo},
  journal={ACM Transactions on Design Automation of Electronic Systems},
  volume={29},
  number={3},
  year={2024},
  doi={10.1145/3643134}
}

@article{stillman2023generative,
  title={Generative models of morphogenesis in developmental biology},
  author={Stillman, Namid R and Mayor, Roberto},
  journal={Seminars in Cell {\&} Developmental Biology},
  year={2023},
  doi={10.1016/j.semcdb.2023.02.001}
}

@article{jung2020new,
  title={New parallel computing algorithm of molecular dynamics for extremely huge scale biological systems},
  author={Jung, Jaewoon and Kobayashi, Chigusa and Kasahara, Kento and others},
  journal={Journal of Computational Chemistry},
  volume={42},
  number={4},
  pages={231--241},
  year={2020},
  doi={10.1002/jcc.26450}
}

@article{zhu2024overcoming,
  title={Overcoming Memory Constraints in Quantum Circuit Simulation with a High-Fidelity Compression Framework},
  author={Zhu, Ruomin and others},
  journal={arXiv:2410.14088},
  year={2024}
}

@article{batchelor2023dynamic,
  title={Dynamic regulation of p53 signaling networks in single cells},
  author={Batchelor, Eric and Loewer, Alexander and Mock, Caroline and Lahav, Galit},
  journal={Nature Reviews Molecular Cell Biology},
  volume={24},
  number={2},
  pages={77--89},
  year={2023},
  doi={10.1038/s41580-022-00531-5}
}

@article{niu2022computational,
  title={Computational modeling and analysis of the morphogenetic domain signaling networks regulating C. elegans embryogenesis},
  author={Niu, Ben and Bach, Thao Nguyen and Chen, Xingyu and Chandratre, Khyati Raghunath and Murray, John Isaac and Zhao, Zhongying and Zhang, Michael},
  journal={Computational and Structural Biotechnology Journal},
  volume={20},
  pages={3653--3666},
  year={2022},
  doi={10.1016/j.csbj.2022.05.058}
}

@article{espinosa2024molecular,
  title={The molecular basis of cell memory in mammals: The epigenetic cycle},
  author={Espinosa-Mart{\'i}nez, Menc{\'i}a and Alc{\'a}zar-Fabra, Mar{\'i}a and Landeira, David},
  journal={Science Advances},
  volume={10},
  number={8},
  year={2024},
  doi={10.1126/sciadv.adl3188}
}

@article{merrill2024,
  title={The Expressive Power of Transformers with Chain of Thought},
  author={Merrill, William and Sabharwal, Ashish},
  journal={ICLR},
  year={2024}
}

@article{schuurmans2024autoregressive,
  title={Autoregressive Large Language Models are Computationally Universal},
  author={Schuurmans, Dale and Dai, Hanjun and Zanini, Francesco},
  journal={arXiv preprint arXiv:2410.03170},
  year={2024}
}

@article{qiu2024ask,
  title={Ask, and It Shall Be Given: Turing Completeness of Prompting},
  author={Qiu, Ruizhong and Xu, Zhe and Bao, Wenxuan and Tong, Hanghang},
  journal={arXiv preprint arXiv:2411.01992},
  year={2024}
}

@article{fu2024memory,
  title={Memory-guided state transitions in biological regulatory networks},
  author={Fu, Yihan and Zhang, Wei},
  journal={Nature Communications},
  volume={15},
  number={1},
  pages={1--12},
  year={2024},
  doi={10.1038/s41467-024-45288-x}
}

@article{liu2024mind,
  title={Mind Your Step (By Step): Chain-of-Thought Can Reduce Performance on Tasks Where Thinking Makes Humans Worse},
  author={Liu, Ryan and Geng, Jiayi and Wu, Addison J and Sucholutsky, Ilia and Lombrozo, Tania and Griffiths, Thomas L},
  journal={arXiv preprint arXiv:2410.21333},
  year={2024}
}

@techreport{openai2024o1,
  title={OpenAI o1 System Card},
  author={{OpenAI}},
  institution={OpenAI},
  year={2024},
  month={December},
  type={Technical Report}
}

@book{alberts2022molecular,
  title={Molecular Biology of the Cell: Seventh International Student Edition with Registration Card},
  author={Alberts, Bruce and Heald, Rebecca and Johnson, Alexander and Morgan, David and Raff, Martin and Roberts, Keith and Walter, Peter},
  year={2022},
  publisher={WW Norton \& Company}
}

@article{sheth2017multiplex,
  title={Multiplex recording of cellular events over time on CRISPR biological tape},
  author={Sheth, Ravi U and Yim, Sung Sun and Wu, Felix L and Wang, Harris H},
  journal={Science},
  volume={358},
  number={6369},
  pages={1457--1461},
  year={2017},
  doi={10.1126/science.aao0958}
}

@article{sadremomtaz2023digital,
  title={Digital data storage on DNA tape using CRISPR base editors},
  author={Sadremomtaz, Afsaneh and Glass, Robert F and Guerrero, Jorge Eduardo and LaJeunesse, Dennis R and Josephs, Eric A and Zadegan, Reza},
  journal={Nature Communications},
  volume={14},
  number={1},
  pages={6497},
  year={2023},
  doi={10.1038/s41467-023-42223-4}
}

@techreport{chollet2024arc,
  title={ARC Prize 2024: Technical Report},
  author={Chollet, Fran\c{c}ois and Knoop, Mike and Kamradt, Gregory and Landers, Bryan},
  institution={ARC Prize},
  year={2024},
  month={December},
  type={Technical Report}
}

@online{chollet2024o3,
  author = {Chollet, François},
  title = {OpenAI o3 Breakthrough High Score on ARC-AGI-Pub},
  year = {2024},
  month = {12},
  day = {20},
  url = {https://arcprize.org/blog/2024/o3-breakthrough},
  urldate = {2024-12-22}
}

@online{willison2024o3,
  author = {Willison, Simon},
  title = {OpenAI o3 and the Future of Language Models},
  year = {2024},
  month = {12},
  day = {21},
  url = {https://simonwillison.net/2024/Dec/21/o3},
  urldate = {2024-12-22}
}

@online{openai2024learning,
  author = {{OpenAI}},
  title = {Learning to reason with {LLMs}},
  year = {2024},
  month = {9},
  url = {https://openai.com/index/learning-to-reason-with-llms/},
  urldate = {2024-12-22}
}

@online{openai2024o3blog,
  author = {{OpenAI}},
  title = {Deliberative alignment: reasoning enables safer language models},
  year = {2024},
  month = {12},
  url = {https://openai.com/index/deliberative-alignment/},
  urldate = {2024-12-22}
}

@article{guan2024deliberative,
  title={Deliberative Alignment: Reasoning Enables Safer Language Models},
  author={Guan, Melody Y and Joglekar, Manas and Wallace, Eric and Jain, Saachi and Barak, Boaz and others},
  journal={arXiv preprint},
  year={2024},
  month={12}
}

@article{choi2022time,
  title={A time-resolved, multi-symbol molecular recorder via sequential genome editing},
  author={Choi, Junhong and Chen, Wei and Minkina, Anna and Chardon, Florence M and Suiter, Chase C and Regalado, Samuel G and Domcke, Silvia and Hamazaki, Nobuhiko and Lee, Choli and Martin, Beth and Daza, Riza M and Shendure, Jay},
  journal={Nature},
  volume={608},
  number={7921},
  pages={98--107},
  year={2022},
  doi={10.1038/s41586-022-04922-8}
}
